
@book{BDDinAction,
    title={BDD in Action},
    author={John Ferguson Smart},
    pages={15},
    year={2014},
    publisher={Manning Publications},
}

@article{Eigen1971,
  title={Selforganization of matter and the evolution of biological macromolecules},
  author={Eigen, Manfred},
  journal={Naturwissenschaften},
  volume={58},
  number={10},
  pages={465--523},
  year={1971},
  publisher={Springer}
}

@article{Knuth1968,
  title={Semantics of Context-free Languages},
  author={Knuth, Donald E},
  journal={Mathematical Systems Theory},
  volume={2},
  number={2},
  pages={127--145},
  year={1968},
  publisher={Springer}
}

@book{goossens93,
  author = "Frank Mittelbach and Michel Goossens  and Johannes Braams and David Carlisle  and Chris Rowley",
  title = "The {LaTeX} Companion",
  year = "1993",
  publisher = "Addison-Wesley",
  address = "Reading, Massachusetts"
}

@misc{website:djangoproject,
      author = "Django Software Foundation",
      title = "The Web framework for perfectionists with deadlines",
      month = "Diciembre",
      year = "2014",
      url = "https://www.djangoproject.com/"
}

@misc{website:behave,
      author = "Benno Rice, Richard Jones and Jens Engel",
      title = "Behave",
      month = "Diciembre",
      year = "2014",
      url = "https://pythonhosted.org/behave/"
}

@misc{website:djangobehave,
      author = "Rachel Willmer",
      title = "A Django TestRunner for the Behave BDD module",
      month = "Diciembre",
      year = "2014",
      url = "https://github.com/django-behave/django-behave"
}

@misc{website:splinter,
      author = "CobraTeam",
      title = "Splinter",
      month = "Diciembre",
      year = "2014",
      url = "http://splinter.cobrateam.info/en/latest/"
}
